<?xml version="1.0" encoding="UTF-8" ?><marc:collection xmlns:marc="http://www.loc.gov/MARC21/slim" xmlns:xsi="http://www.w3.org/2001/XMLSchema-instance" xsi:schemaLocation="http://www.loc.gov/MARC21/slim http://www.loc.gov/standards/marcxml/schema/MARC21slim.xsd">
<marc:record><marc:leader>02346cam a2200469Mi 4500</marc:leader>
<marc:controlfield tag="001">b12474381</marc:controlfield>
<marc:controlfield tag="003">UaCaAUL</marc:controlfield><marc:controlfield tag="005">20190204121229.0</marc:controlfield><marc:controlfield tag="008">000502s1945    ua       b    001 0 ara d</marc:controlfield><marc:datafield tag="035" ind1=" " ind2=" "><marc:subfield code="a">(OCoLC)60506417</marc:subfield></marc:datafield><marc:datafield tag="040" ind1=" " ind2=" "><marc:subfield code="a">MEAUC</marc:subfield><marc:subfield code="b">eng</marc:subfield><marc:subfield code="e">rda</marc:subfield><marc:subfield code="c">MEAUC</marc:subfield><marc:subfield code="d">OCLCF</marc:subfield><marc:subfield code="d">OCLCO</marc:subfield><marc:subfield code="d">OCLCQ</marc:subfield><marc:subfield code="d">MEAUC</marc:subfield></marc:datafield><marc:datafield tag="043" ind1=" " ind2=" "><marc:subfield code="a">f-ua---</marc:subfield></marc:datafield><marc:datafield tag="049" ind1=" " ind2=" "><marc:subfield code="a">MAIN</marc:subfield></marc:datafield><marc:datafield tag="050" ind1=" " ind2="4"><marc:subfield code="a">PJ1481</marc:subfield><marc:subfield code="b">.H3 1945</marc:subfield></marc:datafield><marc:datafield tag="066" ind1=" " ind2=" "><marc:subfield code="c">(3</marc:subfield></marc:datafield><marc:datafield tag="090" ind1=" " ind2=" "><marc:subfield code="a">PJ1481</marc:subfield><marc:subfield code="b">.H3 1945</marc:subfield></marc:datafield><marc:datafield tag="100" ind1="1" ind2=" "><marc:subfield code="6">880-01</marc:subfield><marc:subfield code="a">Hassan, Selim,</marc:subfield><marc:subfield code="d">1887-1961,</marc:subfield><marc:subfield code="e">author.</marc:subfield></marc:datafield><marc:datafield tag="245" ind1="1" ind2="3"><marc:subfield code="6">880-02</marc:subfield><marc:subfield code="a">al-Adab al-Miṣrī al-qadīm, aw, Adab al-farāʻinah /</marc:subfield><marc:subfield code="c">taʼlīf Salīm Ḥasan.</marc:subfield></marc:datafield><marc:datafield tag="246" ind1="3" ind2="0"><marc:subfield code="6">880-03</marc:subfield><marc:subfield code="a">Adab al-farāʻinah.</marc:subfield></marc:datafield><marc:datafield tag="250" ind1=" " ind2=" "><marc:subfield code="6">880-04</marc:subfield><marc:subfield code="a">al-Ṭabʻah al-ūlá.</marc:subfield></marc:datafield><marc:datafield tag="264" ind1=" " ind2="1"><marc:subfield code="6">880-05</marc:subfield><marc:subfield code="a">al-Qahirah :</marc:subfield><marc:subfield code="b">Maṭbaʻat lajnat al-Taʼlīf wa-al-Tarjamah wa-al-Nashr,</marc:subfield><marc:subfield code="c">1945.</marc:subfield></marc:datafield><marc:datafield tag="300" ind1=" " ind2=" "><marc:subfield code="a">2 volumes in 1 ;</marc:subfield><marc:subfield code="c">24 cm.</marc:subfield></marc:datafield><marc:datafield tag="336" ind1=" " ind2=" "><marc:subfield code="a">text</marc:subfield><marc:subfield code="b">txt</marc:subfield><marc:subfield code="2">rdacontent.</marc:subfield></marc:datafield><marc:datafield tag="337" ind1=" " ind2=" "><marc:subfield code="a">unmediated</marc:subfield><marc:subfield code="b">n</marc:subfield><marc:subfield code="2">rdamedia.</marc:subfield></marc:datafield><marc:datafield tag="338" ind1=" " ind2=" "><marc:subfield code="a">volume</marc:subfield><marc:subfield code="b">nc</marc:subfield><marc:subfield code="2">rdacarrier.</marc:subfield></marc:datafield><marc:datafield tag="490" ind1="1" ind2=" "><marc:subfield code="6">880-06</marc:subfield><marc:subfield code="a">Thaqāfah al-ʻArabīyah al-qadīmah ;</marc:subfield><marc:subfield code="v">ḥalqah 2.</marc:subfield></marc:datafield><marc:datafield tag="504" ind1=" " ind2=" "><marc:subfield code="a">Includes bibliographical references and index.</marc:subfield></marc:datafield><marc:datafield tag="505" ind1="0" ind2=" "><marc:subfield code="6">880-07</marc:subfield><marc:subfield code="a">al-Juzʼ al-awwal. Fī al-qiṣṣaṣ wa-al-ḥikam wa-al-taʼammulāt wa-al-rasāʼil -- al-juzʼ al-thānī. Fī al-dirāmā wa-al-shiʻr wa-funūnuh.</marc:subfield></marc:datafield><marc:datafield tag="650" ind1=" " ind2="0"><marc:subfield code="a">Egyptian literature</marc:subfield><marc:subfield code="x">History and criticism.</marc:subfield></marc:datafield><marc:datafield tag="830" ind1=" " ind2="0"><marc:subfield code="6">880-08</marc:subfield><marc:subfield code="a">Thaqāfah al-ʻArabīyah al-qadīmah ;</marc:subfield><marc:subfield code="v">ḥalqah 2.</marc:subfield></marc:datafield><marc:datafield tag="880" ind1="1" ind2=" "><marc:subfield code="6">100-01/(3/r</marc:subfield><marc:subfield code="a">حسن، سليم،‪</marc:subfield><marc:subfield code="d">1887-1961,</marc:subfield><marc:subfield code="e">author.</marc:subfield></marc:datafield><marc:datafield tag="880" ind1="1" ind2="2"><marc:subfield code="6">245-02/(3/r</marc:subfield><marc:subfield code="a">الأدب المصري القديم، أو، أدب الفراعنة /‪</marc:subfield><marc:subfield code="c">تأليف سليم حسن..</marc:subfield></marc:datafield><marc:datafield tag="880" ind1="3" ind2="0"><marc:subfield code="6">246-03/(3/r</marc:subfield><marc:subfield code="a">أدب الفراعنة.</marc:subfield></marc:datafield><marc:datafield tag="880" ind1=" " ind2=" "><marc:subfield code="6">250-04/(3/r</marc:subfield><marc:subfield code="a">الطبعة الأولى..</marc:subfield></marc:datafield><marc:datafield tag="880" ind1=" " ind2="1"><marc:subfield code="6">264-05/(3/r</marc:subfield><marc:subfield code="a">القاهرة :‪</marc:subfield><marc:subfield code="b">مطبعة لجنة التأليف والترجمة والنشر،‪</marc:subfield><marc:subfield code="c">1945.</marc:subfield></marc:datafield><marc:datafield tag="880" ind1="0" ind2=" "><marc:subfield code="6">505-07/(3/r</marc:subfield><marc:subfield code="a">الجزء الأول. في القصص والحكم والتأملات والرسائل -- الجزء الثاني. في الدراما والشعر وفنونه..</marc:subfield></marc:datafield><marc:datafield tag="880" ind1="1" ind2=" "><marc:subfield code="6">490-06/(3/r</marc:subfield><marc:subfield code="a">ثقافة العربية القديمة ؛‪</marc:subfield><marc:subfield code="v">حلقة 2.</marc:subfield></marc:datafield><marc:datafield tag="880" ind1=" " ind2="0"><marc:subfield code="6">830-08/(3/r</marc:subfield><marc:subfield code="a">ثقافة العربية القديمة ؛‪</marc:subfield><marc:subfield code="v">حلقة 2.</marc:subfield></marc:datafield><marc:datafield tag="907" ind1=" " ind2=" "><marc:subfield code="a">.b12474381</marc:subfield><marc:subfield code="b">main </marc:subfield></marc:datafield><marc:datafield tag="902" ind1=" " ind2=" "><marc:subfield code="a">190213</marc:subfield></marc:datafield><marc:datafield tag="998" ind1=" " ind2=" "><marc:subfield code="b">3</marc:subfield><marc:subfield code="c">000722</marc:subfield><marc:subfield code="d">m</marc:subfield><marc:subfield code="e">a</marc:subfield><marc:subfield code="f">-</marc:subfield><marc:subfield code="g">3</marc:subfield><marc:subfield code="k">AH</marc:subfield><marc:subfield code="k">TA</marc:subfield></marc:datafield><marc:datafield tag="945" ind1=" " ind2=" "><marc:subfield code="l">main </marc:subfield><marc:subfield code="u">v.v.1</marc:subfield></marc:datafield></marc:record>
</marc:collection>
